<?xml version="1.0"?>
<marc:records xmlns:marc="http://www.loc.gov/MARC21/slim" xmlns:xsi="http://www.w3.org/2001/XMLSchema-instance" xsi:schemaLocation="http://www.loc.gov/MARC21/slim http://www.loc.gov/standards/marcxml/schema/MARC21slim.xsd">
  <marc:record>
    <marc:leader>05031ctm a2200733Ia 4500</marc:leader>
    <marc:controlfield tag="001">9949183233503681</marc:controlfield>
    <marc:controlfield tag="005">20211008115443.0</marc:controlfield>
    <marc:controlfield tag="008">120430q15951645ii a          000 0 per d</marc:controlfield>
    <marc:datafield ind1=" " ind2=" " tag="035">
  <marc:subfield code="a">(OCoLC)792741095</marc:subfield>
</marc:datafield>
    <marc:datafield ind1=" " ind2=" " tag="035">
  <marc:subfield code="a">(OCoLC)ocn792741095</marc:subfield>
</marc:datafield>
    <marc:datafield ind1=" " ind2=" " tag="035">
  <marc:subfield code="a">(PU)4918323-penndb-Voyager</marc:subfield>
</marc:datafield>
    <marc:datafield ind1=" " ind2=" " tag="040">
  <marc:subfield code="a">PAULM</marc:subfield>
  <marc:subfield code="b">eng</marc:subfield>
  <marc:subfield code="e">amremm</marc:subfield>
  <marc:subfield code="c">PAULM</marc:subfield>
  <marc:subfield code="d">OCLCO</marc:subfield>
  <marc:subfield code="d">OCLCQ</marc:subfield>
  <marc:subfield code="d">OCLCF</marc:subfield>
  <marc:subfield code="d">OCLCO</marc:subfield>
  <marc:subfield code="d">PAU</marc:subfield>
</marc:datafield>
    <marc:datafield ind1=" " ind2="9" tag="099">
  <marc:subfield code="a">LJS 278</marc:subfield>
</marc:datafield>
    <marc:datafield ind1="0" ind2=" " tag="100">
  <marc:subfield code="6">880-01</marc:subfield>
  <marc:subfield code="a">Dioscorides Pedanius,</marc:subfield>
  <marc:subfield code="c">of Anazarbos.</marc:subfield>
</marc:datafield>
    <marc:datafield ind1="1" ind2="0" tag="240">
  <marc:subfield code="a">De materia medica.</marc:subfield>
  <marc:subfield code="l">Persian.</marc:subfield>
  <marc:subfield code="k">Selections</marc:subfield>
</marc:datafield>
    <marc:datafield ind1="1" ind2="0" tag="245">
  <marc:subfield code="6">880-02</marc:subfield>
  <marc:subfield code="a">[Kita&#x304;b-i H&#x323;asha&#x304;yish].</marc:subfield>
</marc:datafield>
    <marc:datafield ind1="3" ind2="0" tag="246">
  <marc:subfield code="6">880-03</marc:subfield>
  <marc:subfield code="a">H&#x323;asha&#x304;yish</marc:subfield>
</marc:datafield>
    <marc:datafield ind1="3" ind2=" " tag="246">
  <marc:subfield code="6">880-04</marc:subfield>
  <marc:subfield code="a">H&#x323;asha&#x304;&#x2BC;ish</marc:subfield>
</marc:datafield>
    <marc:datafield ind1=" " ind2=" " tag="260">
  <marc:subfield code="a">[Deccan, India],</marc:subfield>
  <marc:subfield code="c">A.H. 1004 (1595) or 1054 (1645)</marc:subfield>
</marc:datafield>
    <marc:datafield ind1=" " ind2=" " tag="300">
  <marc:subfield code="a">172 leaves :</marc:subfield>
  <marc:subfield code="b">paper, illustrations ;</marc:subfield>
  <marc:subfield code="c">400 x 260 mm.</marc:subfield>
</marc:datafield>
    <marc:datafield ind1=" " ind2=" " tag="336">
  <marc:subfield code="a">text</marc:subfield>
  <marc:subfield code="b">txt</marc:subfield>
  <marc:subfield code="2">rdacontent</marc:subfield>
</marc:datafield>
    <marc:datafield ind1=" " ind2=" " tag="337">
  <marc:subfield code="a">unmediated</marc:subfield>
  <marc:subfield code="b">n</marc:subfield>
  <marc:subfield code="2">rdamedia</marc:subfield>
</marc:datafield>
    <marc:datafield ind1=" " ind2=" " tag="338">
  <marc:subfield code="a">volume</marc:subfield>
  <marc:subfield code="b">nc</marc:subfield>
  <marc:subfield code="2">rdacarrier</marc:subfield>
</marc:datafield>
    <marc:datafield ind1=" " ind2=" " tag="500">
  <marc:subfield code="a">Decoration: 315 illustrations of 550 plants and several animals in opaque watercolor and ink, some incomplete with only ink outlines or early layers of color; rubrication and occasional text words in red ink (some rubrication lacking); text block outlined in faint black and red ink.</marc:subfield>
</marc:datafield>
    <marc:datafield ind1=" " ind2=" " tag="500">
  <marc:subfield code="a">Script: Written in nasta&#x2BB;li&#x304;q in black ink; pointed.</marc:subfield>
</marc:datafield>
    <marc:datafield ind1=" " ind2=" " tag="500">
  <marc:subfield code="a">Origin: Written in Deccan, India (attributed by Simon Digby, linguist and historian of India), in Muh&#x323;arram A.H. 1004 (1595) or AH 1054 (1645), the date is unclear in the  colophon (not held with this portion of the manuscript), though the later date is probably more likely.</marc:subfield>
</marc:datafield>
    <marc:datafield ind1=" " ind2=" " tag="500">
  <marc:subfield code="a">Pagination: Paper, 172 leaves; [i, 1-35, 37, i, 38-116, i-ii, 117-217, i, 218-234, 237-240, 243-244, 247-266, 269-276, 280-303, 308-327, 330-335, 335-336, 336-338, 340, 340-355]; modern foliation in pencil, usually in the lower margin.</marc:subfield>
</marc:datafield>
    <marc:datafield ind1=" " ind2=" " tag="500">
  <marc:subfield code="a">Ms. codex.</marc:subfield>
</marc:datafield>
    <marc:datafield ind1=" " ind2=" " tag="500">
  <marc:subfield code="a">Title supplied by cataloger.</marc:subfield>
</marc:datafield>
    <marc:datafield ind1=" " ind2=" " tag="500">
  <marc:subfield code="a">Layout: Written in up to 15 long lines (text block varies to accommodate illustrations); ruled in drypoint.</marc:subfield>
</marc:datafield>
    <marc:datafield ind1="4" ind2=" " tag="510">
  <marc:subfield code="a">Described in Transformation of knowledge: early manuscripts from the collection of Lawrence J. Schoenberg (London: Paul Holberton, 2006),</marc:subfield>
  <marc:subfield code="c">p. 106-108 (LJS 278).</marc:subfield>
</marc:datafield>
    <marc:datafield ind1=" " ind2=" " tag="520">
  <marc:subfield code="a">Illustrated herbal with detailed descriptions of the physical appearance and the medicinal effect of many plants, as well as some trees, minerals, and substances derived from animals. The manuscript is not complete: it comprises text and illustrations from parts of Chapter 1, substantial parts of Chapters 2-4, and parts of Chapter 5. Many leaves have extensive repairs at the edges or corners. The manuscript seems never to have been bound.</marc:subfield>
</marc:datafield>
    <marc:datafield ind1=" " ind2=" " tag="524">
  <marc:subfield code="a">UPenn LJS 278.</marc:subfield>
</marc:datafield>
    <marc:datafield ind1="0" ind2=" " tag="544">
  <marc:subfield code="n">Other leaves from the same manuscript are in the collection of the Freer Gallery of Art (Washington, D.C.), the private collection of British artist Howard Hodgkin, and at the Ashmolean Museum (Oxford, England) https://collections.ashmolean.org/object/788471</marc:subfield>
</marc:datafield>
    <marc:datafield ind1=" " ind2=" " tag="546">
  <marc:subfield code="a">Persian.</marc:subfield>
</marc:datafield>
    <marc:datafield ind1="1" ind2=" " tag="561">
  <marc:subfield code="a">Gift of Barbara Brizdle Schoenberg, 2016.</marc:subfield>
</marc:datafield>
    <marc:datafield ind1="1" ind2=" " tag="561">
  <marc:subfield code="a">Sold by Sam Fogg Ltd. (London) to Lawrence J. Schoenberg, November 1998.</marc:subfield>
</marc:datafield>
    <marc:datafield ind1="1" ind2=" " tag="561">
  <marc:subfield code="a">Deposit by Lawrence J. Schoenberg and Barbara Brizdle, 2011.</marc:subfield>
</marc:datafield>
    <marc:datafield ind1=" " ind2=" " tag="590">
  <marc:subfield code="a">Lawrence J. Schoenberg &amp; Barbara Brizdle Manuscript Initiative.</marc:subfield>
</marc:datafield>
    <marc:datafield ind1=" " ind2="0" tag="650">
  <marc:subfield code="a">Botany, Medical</marc:subfield>
  <marc:subfield code="v">Early works to 1800.</marc:subfield>
</marc:datafield>
    <marc:datafield ind1=" " ind2="0" tag="650">
  <marc:subfield code="a">Medicine, Greek and Roman.</marc:subfield>
</marc:datafield>
    <marc:datafield ind1=" " ind2="0" tag="650">
  <marc:subfield code="a">Materia medica</marc:subfield>
  <marc:subfield code="v">Early works to 1800.</marc:subfield>
</marc:datafield>
    <marc:datafield ind1=" " ind2="0" tag="650">
  <marc:subfield code="a">Botany</marc:subfield>
  <marc:subfield code="v">Pictorial works</marc:subfield>
  <marc:subfield code="v">Early works to 1800.</marc:subfield>
</marc:datafield>
    <marc:datafield ind1=" " ind2="0" tag="655">
  <marc:subfield code="a">Manuscripts, 16th century.</marc:subfield>
</marc:datafield>
    <marc:datafield ind1=" " ind2="7" tag="655">
  <marc:subfield code="a">Codices (bound manuscripts)</marc:subfield>
  <marc:subfield code="2">aat</marc:subfield>
</marc:datafield>
    <marc:datafield ind1=" " ind2="7" tag="655">
  <marc:subfield code="a">Herbals.</marc:subfield>
  <marc:subfield code="2">aat</marc:subfield>
</marc:datafield>
    <marc:datafield ind1=" " ind2="7" tag="655">
  <marc:subfield code="a">Watercolors (paintings)</marc:subfield>
  <marc:subfield code="2">aat</marc:subfield>
</marc:datafield>
    <marc:datafield ind1=" " ind2="0" tag="655">
  <marc:subfield code="a">Manuscripts, Persian.</marc:subfield>
</marc:datafield>
    <marc:datafield ind1=" " ind2="0" tag="655">
  <marc:subfield code="a">Manuscripts, Renaissance.</marc:subfield>
</marc:datafield>
    <marc:datafield ind1="1" ind2=" " tag="700">
  <marc:subfield code="a">Schoenberg, Lawrence J.,</marc:subfield>
  <marc:subfield code="e">former owner.</marc:subfield>
</marc:datafield>
    <marc:datafield ind1="2" ind2=" " tag="710">
  <marc:subfield code="a">Lawrence J. Schoenberg Collection (University of Pennsylvania)</marc:subfield>
  <marc:subfield code="5">PU</marc:subfield>
</marc:datafield>
    <marc:datafield ind1="0" ind2="0" tag="773">
  <marc:subfield code="t">Lawrence J. Schoenberg Collection (University of Pennsylvania)</marc:subfield>
</marc:datafield>
    <marc:datafield ind1=" " ind2=" " tag="852">
  <marc:subfield code="b">Kislak Center for Special Collections, Rare Books and Manuscripts</marc:subfield>
  <marc:subfield code="a">University of Pennsylvania</marc:subfield>
  <marc:subfield code="e">3420 Walnut Street, Philadelphia, Pennsylvania 19104-6206.</marc:subfield>
  <marc:subfield code="j">LJS 278</marc:subfield>
</marc:datafield>
    <marc:datafield ind1="4" ind2="1" tag="856">
  <marc:subfield code="z">Digital facsimile for browsing (Colenda)</marc:subfield>
  <marc:subfield code="u">https://colenda.library.upenn.edu/catalog/81431-p36w9694p</marc:subfield>
</marc:datafield>
    <marc:datafield ind1="4" ind2="1" tag="856">
  <marc:subfield code="z">Video orientation</marc:subfield>
  <marc:subfield code="u">http://hdl.library.upenn.edu/1017.12/2025262</marc:subfield>
</marc:datafield>
    <marc:datafield ind1="4" ind2="1" tag="856">
  <marc:subfield code="z">Facsimile</marc:subfield>
  <marc:subfield code="u">http://hdl.library.upenn.edu/1017/d/medren/4918323</marc:subfield>
</marc:datafield>
    <marc:datafield ind1="4" ind2="1" tag="856">
  <marc:subfield code="z">Digital facsimile for download (OPenn)</marc:subfield>
  <marc:subfield code="u">http://openn.library.upenn.edu/Data/0001/html/ljs278.html</marc:subfield>
</marc:datafield>
    <marc:datafield ind1="4" ind2="2" tag="856">
  <marc:subfield code="3">The Lawrence J. Schoenberg and Barbara Brizdle Manuscript Initiative Fund Home Page</marc:subfield>
  <marc:subfield code="u">http://hdl.library.upenn.edu/1017.12/366278</marc:subfield>
</marc:datafield>
    <marc:datafield ind1="3" ind2=" " tag="880">
  <marc:subfield code="6">246-04/(3/r</marc:subfield>
  <marc:subfield code="a">&#x62D;&#x634;&#x627;&#x626;&#x634;</marc:subfield>
</marc:datafield>
    <marc:datafield ind1="3" ind2="0" tag="880">
  <marc:subfield code="6">246-03//r</marc:subfield>
  <marc:subfield code="a">&#x62D;&#x634;&#x627;&#x64A;&#x634;</marc:subfield>
</marc:datafield>
    <marc:datafield ind1="1" ind2="0" tag="880">
  <marc:subfield code="6">245-02//r</marc:subfield>
  <marc:subfield code="a">[&#x6A9;&#x62A;&#x627;&#x628; &#x62D;&#x634;&#x627;&#x64A;&#x634;].</marc:subfield>
</marc:datafield>
    <marc:datafield ind1="0" ind2=" " tag="880">
  <marc:subfield code="6">100-01//r</marc:subfield>
  <marc:subfield code="a">&#x62F;&#x64A;&#x633;&#x642;&#x648;&#x631;&#x64A;&#x62F;&#x633;.</marc:subfield>
</marc:datafield>
    <marc:datafield ind1=" " ind2=" " tag="994">
  <marc:subfield code="a">C0</marc:subfield>
  <marc:subfield code="b">PAULM</marc:subfield>
</marc:datafield>
    <marc:datafield ind1=" " ind2=" " tag="996">
  <marc:subfield code="a">hinge-right</marc:subfield>
</marc:datafield>
    <marc:datafield ind1=" " ind2=" " tag="999">
  <marc:subfield code="a">DLA</marc:subfield>
  <marc:subfield code="b">20110207</marc:subfield>
</marc:datafield>
    <marc:holdings>
      <marc:holding>
        <marc:holding_id>22357333680003681</marc:holding_id>
        <marc:call_number>Oversize LJS 278</marc:call_number>
        <marc:library>KislakCntr</marc:library>
        <marc:location>scmss</marc:location>
      </marc:holding>
    </marc:holdings>
  </marc:record>
</marc:records>
